@article{stenflo2013solar,
  title={Solar magnetic fields as revealed by Stokes polarimetry},
  author={Stenflo, Jan Olof},
  journal={The Astronomy and Astrophysics Review},
  volume={21},
  pages={1--58},
  year={2013},
  publisher={Springer}
}

@article{schou2012polarization,
  title={Polarization calibration of the helioseismic and magnetic imager (HMI) onboard the Solar Dynamics Observatory (SDO)},
  author={Schou, Jesper and Borrero, JM and Norton, AA and Tomczyk, Steven and Elmore, D and Card, GL},
  journal={The Solar Dynamics Observatory},
  pages={327--355},
  year={2012},
  publisher={Springer}
}

@article{cargill2009coronal,
  title={Coronal magnetism: difficulties and prospects},
  author={Cargill, Peter J},
  journal={The Origin and Dynamics of Solar Magnetism},
  pages={413--421},
  year={2009},
  publisher={Springer}
}

@article{gary2001plasma,
  title={Plasma beta above a solar active region: rethinking the paradigm},
  author={Gary, G Allen},
  journal={Solar Physics},
  volume={203},
  pages={71--86},
  year={2001},
  publisher={Springer}
}

@article{wheatland2000optimization,
  title={An optimization approach to reconstructing force-free fields},
  author={Wheatland, MS and Sturrock, PA and Roumeliotis, G},
  journal={The Astrophysical Journal},
  volume={540},
  number={2},
  pages={1150},
  year={2000},
  publisher={IOP Publishing}
}

@article{baydin2018automatic,
  title={Automatic differentiation in machine learning: a survey},
  author={Baydin, Atilim Gunes and Pearlmutter, Barak A and Radul, Alexey Andreyevich and Siskind, Jeffrey Mark},
  journal={Journal of Marchine Learning Research},
  volume={18},
  pages={1--43},
  year={2018},
  publisher={Microtome Publishing}
}

@article{margossian2019review,
  title={A review of automatic differentiation and its efficient implementation},
  author={Margossian, Charles C},
  journal={Wiley interdisciplinary reviews: data mining and knowledge discovery},
  volume={9},
  number={4},
  pages={e1305},
  year={2019},
  publisher={Wiley Online Library}
}

@article{lu2021deepxde,
  title={DeepXDE: A deep learning library for solving differential equations},
  author={Lu, Lu and Meng, Xuhui and Mao, Zhiping and Karniadakis, George Em},
  journal={SIAM review},
  volume={63},
  number={1},
  pages={208--228},
  year={2021},
  publisher={SIAM}
}

@article{karniadakis2021physics,
  title={Physics-informed machine learning},
  author={Karniadakis, George Em and Kevrekidis, Ioannis G and Lu, Lu and Perdikaris, Paris and Wang, Sifan and Yang, Liu},
  journal={Nature Reviews Physics},
  volume={3},
  number={6},
  pages={422--440},
  year={2021},
  publisher={Nature Publishing Group UK London}
}

@article{raissi2019physics,
  title={Physics-informed neural networks: A deep learning framework for solving forward and inverse problems involving nonlinear partial differential equations},
  author={Raissi, Maziar and Perdikaris, Paris and Karniadakis, George E},
  journal={Journal of Computational physics},
  volume={378},
  pages={686--707},
  year={2019},
  publisher={Elsevier}
}

@article{kingma2014adam,
  title={Adam: A method for stochastic optimization},
  author={Kingma, Diederik P and Ba, Jimmy},
  journal={arXiv preprint arXiv:1412.6980},
  year={2014}
}

@article{zhu1995limited,
  title={A limited memory algorithm for bound constrained optimisation},
  author={Zhu, Ciyou and Byrd, RH and Lu, P and Nocedal, J},
  journal={SIAM J. Sci. Stat. Comput},
  volume={16},
  number={5},
  pages={1190--1208},
  year={1995}
}

@article{bobra2014helioseismic,
  title={The Helioseismic and Magnetic Imager (HMI) vector magnetic field pipeline: SHARPs--space-weather HMI active region patches},
  author={Bobra, Monica G and Sun, Xudong and Hoeksema, J Todd and Turmon, M and Liu, Yang and Hayashi, Keiji and Barnes, Graham and Leka, KD},
  journal={Solar Physics},
  volume={289},
  pages={3549--3578},
  year={2014},
  publisher={Springer}
}

@article{jarolim2022nf2,
  title={Probing the solar coronal magnetic field with physics-informed neural networks},
  author={Jarolim, Robert and Thalmann, Julia and Veronig, Astrid and Podladchikova, Tatiana},
  journal={Research Square preprint},
  year={2022}
}

@article{low1990modeling,
  title={Modeling solar force-free magnetic fields},
  author={Low, BC and Lou, YQ},
  journal={The Astrophysical Journal},
  volume={352},
  pages={343--352},
  year={1990}
}

@article{titov1999basic,
  title={Basic topology of twisted magnetic configurations in solar flares},
  author={Titov, VS and D{\'e}moulin, Pascal},
  journal={Astronomy and Astrophysics},
  volume={351},
  pages={707--720},
  year={1999}
}

@article{sakurai1982green,
  title={Green's function methods for potential magnetic fields},
  author={Sakurai, Takashi},
  journal={Solar Physics},
  volume={76},
  pages={301--321},
  year={1982},
  publisher={Springer}
}

@article{metcalf2008nonlinear,
  title={Nonlinear force-free modeling of coronal magnetic fields. II. Modeling a filament arcade and simulated chromospheric and photospheric vector fields},
  author={Metcalf, Thomas R and DeRosa, Marc L and Schrijver, Carolus J and Barnes, Graham and van Ballegooijen, Adriaan A and Wiegelmann, Thomas and Wheatland, Michael S and Valori, Gherardo and McTtiernan, James M},
  journal={Solar Physics},
  volume={247},
  pages={269--299},
  year={2008},
  publisher={Springer}
}

@article{schrijver2006nonlinear,
  title={Nonlinear force-free modeling of coronal magnetic fields part I: a quantitative comparison of methods},
  author={Schrijver, Carolus J and Derosa, Marc L and Metcalf, Thomas R and Liu, Yang and Mctiernan, Jim and R{\'e}gnier, St{\'e}phane and Valori, Gherardo and Wheatland, Michael S and Wiegelmann, Thomas},
  journal={Solar Physics},
  volume={235},
  pages={161--190},
  year={2006},
  publisher={Springer}
}

@article{yi2022reconstruction,
  title={Reconstruction of Coronal Magnetic Fields Using a Poloidal--Toroidal Representation},
  author={Yi, Sibaek and Choe, GS and Cho, Kyung-Suk and Solanki, Sami K and B{\"u}chner, J{\"o}rg},
  journal={The Astrophysical Journal},
  volume={937},
  number={1},
  pages={11},
  year={2022},
  publisher={IOP Publishing}
}

@inproceedings{rahaman2019spectral,
  title={On the spectral bias of neural networks},
  author={Rahaman, Nasim and Baratin, Aristide and Arpit, Devansh and Draxler, Felix and Lin, Min and Hamprecht, Fred and Bengio, Yoshua and Courville, Aaron},
  booktitle={International Conference on Machine Learning},
  pages={5301--5310},
  year={2019},
  organization={PMLR}
}