@article{caspi2023,
	author = {Caspi et al.,},
	title = {Magnetic Energy Powers the Corona: How We Can Understand its 3D Storage \& Release},
	doi = {10.3847/25c2cfeb.1dbfea1f},
	url = {https://baas.aas.org/pub/2023n3i049/release/1},
	year = "2023",
}

@article{green2018,
	author = {Green et al.,},
	title = {The Origin, Early Evolution and Predictability of Solar Eruptions},
	doi = {10.1007/s11214-017-0462-5},
	url = {https://link.springer.com/article/10.1007/s11214-017-0462-5},
	year = "2018",
}

@article{valori2013,
	author = {Valori et al.,},
	title = {Accuracy of magnetic energy computations},
	doi = {10.1051/0004-6361/201220982},
	year = "2013",
}

@article{derosa2009,
	author = {DeRosa et al.,},
	title = {A CRITICAL ASSESSMENT OF NONLINEAR FORCE-FREE FIELD MODELING OF THE SOLAR CORONA FOR ACTIVE REGION 10953},
	doi = {10.1088/0004-637X/696/2/1780},
	year = "2009",
}

@article{berger1984,
	author = {Berger,},
	title = {Rigorous new limits on magnetic helicity dissipation in the solar corona},
	doi = {10.1080/03091928408210078},
	year = "1984",
}

@article{finn1985,
	author = {Finn et al.,},
	title = {Magnetic helicity: what is it and what is it good for?},
	url = {https://www.researchgate.net/publication/261319440_Magnetic_Helicity_What_Is_It_and_What_Is_It_Good_For},
	year = "1985",
}

@article{valori2016,
	author = {Valori et al.,},
	title = {Magnetic Helicity Estimations in Models and Observations of the Solar Magnetic Field. Part I: Finite Volume Methods},
	doi = {10.1007/s11214-016-0299-3},
	year = "2016",
}

@article{thalmann2020,
	author = {Thalmann et al.,},
	title = {Deducing the reliability of relative helicities from nonlinear force-free coronal models},
	doi = {10.1051/0004-6361/202038921},
	year = "2020",
}

@article{thalmann2019,
	author = {Thalmann et al.,},
	title = {On the Reliability of Magnetic Energy and Helicity Computations Based on Nonlinear Force-free Coronal Magnetic Field Models},
	doi = {10.3847/2041-8213/ab2e73},
	year = "2019",
}

@article{pariat2017,
	author = {Pariat et al.,},
	title = {Relative magnetic helicity as a diagnostic of solar eruptivity},
	doi = {10.1051/0004-6361/201630043},
	year = "2017",
}

@inbook{berger2003,
	author = {Berger},
	title = {Topological Quantities in Magnetohydrodynamics},
	booktitle = {Advances in Nonlinear Dynamos},
	doi = {10.1201/9780203493137},
	year = "2003",
}

@article{li2022,
	author = {Li et al.,},
	title = {A New Magnetic Parameter of Active Regions Distinguishing Large Eruptive and Confined Solar Flares},
	doi = {10.3847/2041-8213/ac5251},
	year = "2022",
}

@article{wiegelmann2010,
	author = {Wiegelmann et al.,},
	title = {How to deal with measurement errors and lacking data in nonlinear force-free coronal magnetic field modelling? (Research Note)},
	doi = {10.1051/0004-6361/201014391},
	year = "2010",
}

@article{wiegelmann2006,
	author = {Wiegelmann et al.,},
	title = {PREPROCESSING OF VECTOR MAGNETOGRAPH DATA FOR A NONLINEAR FORCE-FREE MAGNETIC FIELD RECONSTRUCTION},
	doi = {10.1007/s11207-006-2092-z},
	year = "2006",
}

@article{devore2000,
	author = {DeVore,},
	title = {Magnetic helicity generation by solar differential rotation},
	doi = {10.1086/309274},
	year = "2000",
}

@article{georgoulis2012,
	author = {Georgoulis et al.,},
	title = {MAGNETIC ENERGY AND HELICITY BUDGETS IN THE ACTIVE-REGION SOLAR CORONA. II. NONLINEAR FORCE-FREE APPROXIMATION},
	doi = {10.1088/0004-637X/759/1/1},
	year = "2012",
}

@article{tziotziou2012,
	author = {Tziotziou et al.,},
	title = {THE MAGNETIC ENERGY–HELICITY DIAGRAM OF SOLAR ACTIVE REGIONS},
	doi = {10.1088/2041-8205/759/1/L4},
	year = "2012",
}

@article{tziotziou2014,
	author = {Tziotziou et al.,},
	title = {Validation of the magnetic energy vs. helicity scaling in solar magnetic structures},
	doi = {10.1051/0004-6361/201424864},
	year = "2014",
}

@article{pariat2017,
	author = {Pariat et al.,},
	title = {Relative magnetic helicity as a diagnostic of solar eruptivity},
	doi = {10.1051/0004-6361/201630043},
	year = "2017",
}

@article{liu2023,
	author = {Liu et al.,},
	title = {Changes of Magnetic Energy and Helicity in Solar Active Regions from Major Flares},
	doi = {10.3847/1538-4357/aca3a6},
	year = "2023",
}

@article{bobra2015,
	author = {Bobra et al.,},
	title = {SOLAR FLARE PREDICTION USING SDO/HMI VECTOR MAGNETIC FIELD DATA WITH A MACHINE-LEARNING ALGORITHM},
	doi = {10.1088/0004-637X/798/2/135},
	year = "2015",
}

@article{schuck2008,
	author = {Schuck,},
	title = {Tracking Vector Magnetograms with the Magnetic Induction Equation},
	doi = {10.1086/589434},
	year = "2008",
}

@article{schuck2006,
	author = {Schuck,},
	title = {Tracking Magnetic Footpoints with the Magnetic Induction Equation},
	doi = {10.1086/505015},
	year = "2006",
}

@article{fisher2020,
	author = {Fisher et al.,},
	title = {The PDFI_SS Electric Field Inversion Software},
	doi = {10.3847/1538-4365/ab8303},
	year = "2020",
}

@article{wang2023,
	author = {Wang et al.,},
	title = {A comparative study of data-driven MHD simulations of solar coronal evolution with photospheric flows derived from two different approaches},
	doi = {10.3389/fspas.2023.1157304},
	year = "2023",
}

@article{chae2001,
	author = {Chae,},
	title = {Observational Determination of the Rate of Magnetic Helicity Transport through the Solar Surface via the Horizontal Motion of Field Line Footpoints},
	doi = {10.1086/324173},
	year = "2001",
}

@article{alielden2023,
	author = {Alielden et al.,},
	title = {ARTop: an open-source tool for measuring active region topology at the solar photosphere},
	doi = {10.1093/rasti/rzad029},
	year = "2023",
}

@article{gary2001,
	author = {Gary,},
	title = {Plasma beta above a solar active region: rethinking the paradigm},
	doi = {10.1023/A:1012722021820},
	year = "2001",
}

@article{wiegelmann2017,
	author = {Wiegelmann et al.,},
	title = {Coronal Magnetic Field Models},
	doi = {10.1007/s11214-015-0178-3},
	year = "2017",
}

@article{berger2006,
	author = {Berger et al.,},
	title = {The writhe of open and closed curves},
	doi = {10.1088/0305-4470/39/26/005},
	year = "2006",
}

@article{liu2016,
	author = {Liu et al.,},
	title = {STRUCTURE, STABILITY, AND EVOLUTION OF MAGNETIC FLUX ROPES FROM THE PERSPECTIVE OF MAGNETIC TWIST},
	doi = {10.3847/0004-637X/818/2/148},
	year = "2016",
}

@article{zhang2022,
	author = {Zhang et al.,},
	title = {FastQSL: A Fast Computation Method for Quasi-separatrix Layers},
	doi = {10.3847/1538-4357/ac8d61},
	year = "2022",
}

@article{guo2017a,
	author = {Guo et al.,},
	title = {Magnetic Helicity Estimations in Models and Observations of the Solar Magnetic Field. III. Twist Number Method},
	doi = {10.3847/1538-4357/aa6aa8},
	year = "2017",
}

@article{guo2017b,
	author = {Guo et al.,},
	title = {Origin and structures of solar eruptions II: Magnetic modeling},
	doi = {10.1007/s11430-017-9081-x},
	year = "2017",
}

@article{kliem2006,
	author = {Kliem et al.,},
	title = {Torus Instability},
	doi = {10.1103/PhysRevLett.96.255002},
	year = "2006",
}

@article{duan2019,
	author = {Duan et al.,},
	title = {A Study of Pre-flare Solar Coronal Magnetic Fields: Magnetic Flux Ropes},
	doi = {10.3847/1538-4357/ab3e33},
	year = "2019",
}

@article{jing2018,
	author = {Jing et al.,},
	title = {Statistical Analysis of Torus and Kink Instabilities in Solar Eruptions},
	doi = {10.3847/1538-4357/aad6e4},
	year = "2018",
}

@article{myers2015,
	author = {Myers et al.,},
	title = {A dynamic magnetic tension force as the cause of failed solar eruptions},
	doi = {10.1038/nature16188},
	year = "2015",
}

@article{ishiguro2017,
	author = {Ishiguro et al.,},
	title = {Double Arc Instability in the Solar Corona},
	doi = {10.3847/1538-4357/aa799b},
	year = "2017",
}

@article{moore2001,
	author = {Moore et al.,},
	title = {ONSET OF THE MAGNETIC EXPLOSION IN SOLAR FLARES AND CORONAL MASS EJECTIONS},
	doi = {10.1086/320559},
	year = "2001",
}

@article{chen2014,
	author = {Chen et al.,},
	title = {DIRECT OBSERVATIONS OF TETHER-CUTTING RECONNECTION DURING A MAJOR SOLAR EVENT FROM 2014 FEBRUARY 24 TO 25},
	doi = {10.1088/2041-8205/797/2/L15},
	year = "2014",
}

@article{titov1999,
	author = {Titov et al.,},
	title = {Basic topology of twisted magnetic configurations in solar flares},
	url = {https://ui.adsabs.harvard.edu/abs/1999A%26A...351..707T},
	year = "1999",
}

@article{kusano2020,
	author = {Kusano et al.,},
	title = {A physics-based method that can predict imminent large solar flares},
	doi = {10.1126/science.aaz251},
	year = "2020",
}

@article{muhamad2018,
	author = {Muhamad et al.,},
	title = {A Study of Magnetic Field Characteristics of the Flaring Active Region Based on Nonlinear Force-free Field Extrapolation},
	doi = {10.3847/1538-4357/aad181},
	year = "2018",
}

@inbook{pariat2020,
	author = {Pariat,},
	title = {Using Magnetic Helicity, Topology, and Geometry to Investigate Complex Magnetic Fields},
	booktitle = {Topics in Magnetohydrodynamic Topology, Reconnection and Stability Theory},
	doi = {10.1007/978-3-030-16343-3},
	year = "2020",
}

@article{pariat2012,
	author = {Pariat et al.,},
	title = {Estimation of the squashing degree within a three-dimensional domain},
	doi = {10.1051/0004-6361/201118515},
	year = "2012",
}

@article{longcope2008,
	author = {Longcope et al.,},
	title = {Defining and Calculating Self-Helicity in Coronal Magnetic Fields},
	doi = {10.1086/524011},
	year = "2008",
}

@article{longcope2005,
	author = {Longcope},
	title = {Topological Methods for the Analysis of Solar Magnetic Fields},
	doi = {10.12942/lrsp-2005-7},
	year = "2005",
}

@article{mason2019,
	author = {Mason et al.,},
	title = {Observations of Solar Coronal Rain in Null Point Topologies},
	doi = {10.3847/2041-8213/ab0c5d},
	year = "2019",
}

@article{jiang2017,
	author = {Jiang et al.,},
	title = {A magnetic bald-patch flare in solar active region 11117},
	doi = {10.1088/1674–4527/17/9/93},
	year = "2017",
}

@article{demoulin1996,
	author = {Démoulin et al.,},
	title = {Quasi-Separatrix layers in solar flares. I. Method.},
	url = {https://ui.adsabs.harvard.edu/abs/1996A%26A...308..643D},
	year = "1996",
}

@article{zhao2016,
	author = {Zhao et al.,},
	title = {HOOKED FLARE RIBBONS AND FLUX-ROPE-RELATED QSL FOOTPRINTS},
	doi = {10.3847/0004-637X/823/1/62},
	year = "2016",
}

@article{cheng2023,
	author = {Cheng et al.,},
	title = {Ultra-high-resolution observations of persistent null-point reconnection in the solar corona},
	doi = {10.1038/s41467-023-37888-w},
	year = "2023",
}

@article{yang2020,
	author = {Yang et al.,},
	title = {Imaging and Spectral Study on the Null Point of a Fan-spine Structure During a Solar Flare},
	doi = {10.3847/1538-4357/ab9ac7},
	year = "2020",
}

@article{mastrano2018,
	author = {Mastrano et al.,},
	title = {A Check on the Validity of Magnetic Field Reconstructions},
	doi = {10.1007/s11207-018-1351-0},
	year = "2018",
}

@article{sakurai1982,
	author = {Sakurai,},
	title = {Green's function methods for potential magnetic fields},
	doi = {10.1007/BF00170988},
	year = "1982",
}